<record><leader>00000cas a2200000 a 4500</leader><controlfield tag="001">36710783</controlfield><controlfield tag="008">970409d19091909oruwr ne      0   a0eng c</controlfield><datafield ind1=" " ind2=" " tag="010"><subfield code="a">sn 96088340 </subfield></datafield><datafield ind1=" " ind2=" " tag="040"><subfield code="a">OCN</subfield><subfield code="b">eng</subfield><subfield code="c">OCN</subfield><subfield code="d">OCLCQ</subfield><subfield code="d">ORU</subfield><subfield code="d">OCLCQ</subfield><subfield code="d">OCLCF</subfield><subfield code="d">OCLCO</subfield><subfield code="d">DLC</subfield></datafield><datafield ind1="0" ind2=" " tag="022"><subfield code="a">2470-8879</subfield><subfield code="2">1</subfield></datafield><datafield ind1=" " ind2=" " tag="042"><subfield code="a">pcc</subfield><subfield code="a">nsdp</subfield></datafield><datafield ind1=" " ind2=" " tag="043"><subfield code="a">n-us-or</subfield></datafield><datafield ind1="0" ind2="0" tag="050"><subfield code="a">Newspaper</subfield></datafield><datafield ind1="1" ind2="0" tag="082"><subfield code="a">071</subfield><subfield code="2">23</subfield></datafield><datafield ind1="0" ind2=" " tag="130"><subfield code="a">Gazette-times (Corvallis, Or.)</subfield></datafield><datafield ind1=" " ind2="4" tag="222"><subfield code="a">The gazette-times</subfield><subfield code="b">(Corvallis, Or. Print)</subfield></datafield><datafield ind1="1" ind2="4" tag="245"><subfield code="a">The gazette-times.</subfield></datafield><datafield ind1=" " ind2=" " tag="260"><subfield code="a">Corvallis, Benton County, Or. :</subfield><subfield code="b">N.R. Moore,</subfield><subfield code="c">1909.</subfield></datafield><datafield ind1=" " ind2=" " tag="300"><subfield code="a">1 v.</subfield></datafield><datafield ind1=" " ind2=" " tag="310"><subfield code="a">Weekly</subfield></datafield><datafield ind1="0" ind2=" " tag="362"><subfield code="a">Vol. 47, no. 47 (July 2, 1909)-v. 47, no. 48 (July 9, 1909).</subfield></datafield><datafield ind1=" " ind2=" " tag="530"><subfield code="a">Also issued on microfilm from University of Oregon.</subfield></datafield><datafield ind1=" " ind2=" " tag="530"><subfield code="a">Archived issues are available in digital format from the Library of Congress Chronicling America online collection.</subfield></datafield><datafield ind1=" " ind2=" " tag="580"><subfield code="a">Daily ed.: Daily gazette-times, 1909.</subfield></datafield><datafield ind1=" " ind2="0" tag="651"><subfield code="a">Corvallis (Or.)</subfield><subfield code="v">Newspapers.</subfield></datafield><datafield ind1=" " ind2="7" tag="651"><subfield code="a">Oregon</subfield><subfield code="z">Corvallis.</subfield><subfield code="2">fast</subfield><subfield code="0">(OCoLC)fst01205176</subfield></datafield><datafield ind1=" " ind2="7" tag="655"><subfield code="a">Newspapers.</subfield><subfield code="2">fast</subfield><subfield code="0">(OCoLC)fst01423814</subfield></datafield><datafield ind1=" " ind2=" " tag="752"><subfield code="a">United States</subfield><subfield code="b">Oregon</subfield><subfield code="c">Benton</subfield><subfield code="d">Corvallis.</subfield></datafield><datafield ind1="1" ind2=" " tag="775"><subfield code="t">Daily gazette-times</subfield><subfield code="w">(DLC)  2004260241</subfield><subfield code="w">(OCoLC)55143362</subfield></datafield><datafield ind1="0" ind2="8" tag="776"><subfield code="i">Online version:</subfield><subfield code="t">Gazette-times (Corvallis, Or.)</subfield><subfield code="x">2470-8887</subfield><subfield code="w">(DLC)  2015270864</subfield><subfield code="w">(OCoLC)939551756</subfield></datafield><datafield ind1="0" ind2="4" tag="780"><subfield code="t">Corvallis times</subfield><subfield code="w">(DLC)sn2002060538</subfield><subfield code="w">(OCoLC)50701919</subfield></datafield><datafield ind1="0" ind2="4" tag="780"><subfield code="t">Corvallis weekly gazette</subfield><subfield code="w">(DLC)sn 96088338</subfield><subfield code="w">(OCoLC)36710843</subfield></datafield><datafield ind1="0" ind2="0" tag="785"><subfield code="t">Weekly gazette-times</subfield><subfield code="w">(DLC)sn 96088341</subfield><subfield code="w">(OCoLC)36710855</subfield></datafield><datafield ind1="4" ind2="1" tag="856"><subfield code="u">http://www.loc.gov/chroniclingamerica/lccn/sn96088340/issues</subfield></datafield></record>